<record><leader>00000cas a22000007a 4500</leader><controlfield tag="001">20230276</controlfield><controlfield tag="008">890822d19331936mouwr ne      0    0eng d</controlfield><datafield ind1=" " ind2=" " tag="010"><subfield code="a">sn 89066958 </subfield></datafield><datafield ind1=" " ind2=" " tag="040"><subfield code="a">MQN</subfield><subfield code="b">eng</subfield><subfield code="c">MQN</subfield><subfield code="d">OCLCQ</subfield></datafield><datafield ind1=" " ind2=" " tag="042"><subfield code="a">msc</subfield></datafield><datafield ind1="0" ind2="4" tag="245"><subfield code="a">The Festus press.</subfield></datafield><datafield ind1=" " ind2=" " tag="260"><subfield code="a">Festus, Crystal City, Mo. :</subfield><subfield code="b">L.W. Roop,</subfield><subfield code="c">-1936.</subfield></datafield><datafield ind1=" " ind2=" " tag="300"><subfield code="a">v.</subfield></datafield><datafield ind1=" " ind2=" " tag="310"><subfield code="a">Weekly</subfield></datafield><datafield ind1="1" ind2=" " tag="362"><subfield code="a">Began in 1933?</subfield></datafield><datafield ind1="0" ind2=" " tag="362"><subfield code="a">-v. 3, no. 46 (June 4, 1936).</subfield></datafield><datafield ind1=" " ind2=" " tag="588"><subfield code="a">Description based on: Vol. 2, no. 7 (Aug. 30, 1934).</subfield></datafield><datafield ind1=" " ind2=" " tag="752"><subfield code="a">United States</subfield><subfield code="b">Missouri</subfield><subfield code="c">Jefferson</subfield><subfield code="d">Festus.</subfield></datafield><datafield ind1=" " ind2=" " tag="752"><subfield code="a">United States</subfield><subfield code="b">Missouri</subfield><subfield code="c">Jefferson</subfield><subfield code="d">Crystal City.</subfield></datafield><datafield ind1="0" ind2="7" tag="785"><subfield code="t">Crystal City press</subfield><subfield code="w">(DLC)sn 89066957</subfield></datafield><datafield ind1="0" ind2="7" tag="785"><subfield code="t">Jefferson County press</subfield><subfield code="w">(DLC)sn 89066960</subfield></datafield></record>